<?xml version="1.0" encoding="UTF-8"?><collection xmlns="http://www.loc.gov/MARC21/slim"><record><leader>00436nam--2200133-i-4500</leader><controlfield tag="001">000018249</controlfield><controlfield tag="002">20161230</controlfield><controlfield tag="005">20161230201032</controlfield><controlfield tag="008">060222s1000------------r-----000-0-eng-d</controlfield><datafield ind1=" " ind2=" " tag="100"><subfield code="a">Eisler, F./S.A.</subfield></datafield><datafield ind1=" " ind2=" " tag="245"><subfield code="a">Bubble chamber study of unstable particle production in pi-_p collisions at 910,960,1200 and 1300 mev</subfield></datafield><datafield ind1=" " ind2=" " tag="260"><subfield code="a">Bologna, Instituto Di Fisica Dell Universita, 1958. 6 P</subfield></datafield><datafield ind1=" " ind2=" " tag="490"><subfield code="a">Nuovo Cimento, 10/525, 1958</subfield></datafield><datafield ind1=" " ind2=" " tag="852"><subfield code="a">5840</subfield></datafield></record></collection>